@online{WHOcoronavirus,
    author  = "World Health Organization (WHO)",
    title   = "Coronavirus",
    url     = "https://www.who.int/health-topics/coronavirus",
}

@online{WHOoutbreaknews,
    author  = "World Health Organization (WHO)",
    title   = "Disease Outbreak News",
    url     = "https://www.who.int/csr/don/archive/disease/novel_coronavirus/en/"
}

@online{WHOsituation,
    author  = "World Health Organization (WHO)",
    title   = "Situation reports",
    url     = "https://covid19.who.int/"
}

@online{NHCChina,
    author  = "National Health Commission of the People's Republic of China",
    url     = "http://www.nhc.gov.cn/xcs/yqtb/list_gzbd.shtml"
}

@article{sars1,
    author  = "Y. Zhou and Z. Ma and F. Brauer",
    title   = "A Discrete Epidemic Model for SARS Transmission and Control in China",
    year    = "2004",
    journal = "Math. Comput. Model",
    volume  = "40",
    pages   = "1491--1506",
}

@article{sars2,
    author  = "G. Chowell and C. Castillo-Chavez and P. Fenimore and M. Christopher and C. Kribs-Zaleta and L. Arriola and et al.",
    title   = "Model Parameters and Outbreak Control for SARS",
    year    = "2004",
    journal = "Emerg. Infect. Dis.",
    volume  = "10",
    pages   = "1258--1263",
}

@article{seir,
    author  = "P. Lekone and B. Finkenstädt",
    title   = "Statistical Inference in a Stochastic Epidemic SEIR Model with Control Intervention: Ebola as a Case Study",
    year    = "2006",
    journal = "Biometrics",
    volume  = "62",
    pages   = "1170--1177",
}

@article{ncovid,
    author  = "B. Tang and X. Wang and Q. Li and N. L. Bragazzi and S. Tang and Y. Xiao and et al.",
    title   = "Estimation of the transmission risk of the 2019-nCoV and its implication for public health interventions",
    year    = "2020",
    journal = "J. Clin. Med.",
    volume  = "9",
    pages   = "462",
}

@article{mcmc1,
    author  = "A. Morton and B. Finkenstädt",
    title   = "Discrete time modelling of disease incidence time series by using Markov chain Monte Carlo methods",
    year    = "2005",
    journal = "J. R. Stat. Soc",
    volume  = "54",
    pages   = "575--594",
}

@article{mcmc2,
    author  = "S. Tang and Y. Xiao and Y. Yang and Y. zhou and J. Wu and Z. Ma",
    title   = "Community-based measures for mitigating the 2009 H1N1 pandemic in China",
    year    = "2010",
    journal = "PLoS One",
    volume  = "5",
    pages   = "e10911",
}

@online{WHO,
    author  = "World Health Organization (WHO)",
    url     = "https://www.who.int/news-room/detail/23-01-2020-statement-on-the-meeting-of-the-international-health-regulations-(2005)-emergency-committee-regarding-the-outbreak-of-novel-coronavirus-(2019-ncov)"
}